<record><leader>00000cas a2200000 a 4500</leader><controlfield tag="001">29021149</controlfield><controlfield tag="008">931015c19269999fludr ne      0    0eng c</controlfield><datafield ind1=" " ind2=" " tag="010"><subfield code="a">sn 93063958 </subfield></datafield><datafield ind1=" " ind2=" " tag="040"><subfield code="a">NYS</subfield><subfield code="b">eng</subfield><subfield code="c">NYS</subfield><subfield code="d">FUG</subfield><subfield code="d">OCLCQ</subfield><subfield code="d">OCLCF</subfield><subfield code="d">OCLCO</subfield></datafield><datafield ind1="1" ind2=" " tag="029"><subfield code="a">AU@</subfield><subfield code="b">000025880746</subfield></datafield><datafield ind1=" " ind2=" " tag="042"><subfield code="a">pcc</subfield></datafield><datafield ind1=" " ind2=" " tag="043"><subfield code="a">n-us-fl</subfield></datafield><datafield ind1="0" ind2="4" tag="245"><subfield code="a">The Bradenton herald.</subfield></datafield><datafield ind1=" " ind2=" " tag="260"><subfield code="a">Bradenton, Fla. :</subfield><subfield code="b">Bradenton Pub. Co.,</subfield><subfield code="c">1926-</subfield></datafield><datafield ind1=" " ind2=" " tag="300"><subfield code="a">v.</subfield></datafield><datafield ind1=" " ind2=" " tag="310"><subfield code="a">Daily,</subfield><subfield code="b">&lt;1986-1995&gt;</subfield></datafield><datafield ind1=" " ind2=" " tag="321"><subfield code="a">Daily (except Saturday),</subfield><subfield code="b">1926-&lt;1941&gt;</subfield></datafield><datafield ind1="0" ind2=" " tag="362"><subfield code="a">4th year, no. 184 (Apr. 25, 1926)-</subfield></datafield><datafield ind1=" " ind2=" " tag="588"><subfield code="a">Latest issue consulted: Vol. 74, no. 16 (Sept. 30, 1995).</subfield></datafield><datafield ind1=" " ind2="0" tag="651"><subfield code="a">Bradenton (Fla.)</subfield><subfield code="v">Newspapers.</subfield></datafield><datafield ind1=" " ind2="0" tag="651"><subfield code="a">Manatee County (Fla.)</subfield><subfield code="v">Newspapers.</subfield></datafield><datafield ind1=" " ind2="7" tag="655"><subfield code="a">Newspapers.</subfield><subfield code="2">fast</subfield><subfield code="0">(OCoLC)fst01423814</subfield></datafield><datafield ind1=" " ind2="7" tag="651"><subfield code="a">Florida</subfield><subfield code="z">Bradenton.</subfield><subfield code="2">fast</subfield><subfield code="0">(OCoLC)fst01213369</subfield></datafield><datafield ind1=" " ind2="7" tag="651"><subfield code="a">Florida</subfield><subfield code="z">Manatee County.</subfield><subfield code="2">fast</subfield><subfield code="0">(OCoLC)fst01211771</subfield></datafield><datafield ind1=" " ind2=" " tag="752"><subfield code="a">United States</subfield><subfield code="b">Florida</subfield><subfield code="c">Manatee</subfield><subfield code="d">Bradenton.</subfield></datafield><datafield ind1="0" ind2=" " tag="770"><subfield code="t">Island herald</subfield><subfield code="g">1980-&lt;1983&gt;</subfield><subfield code="w">(DLC)sn 97027802</subfield><subfield code="w">(OCoLC)29540438</subfield></datafield><datafield ind1="0" ind2="0" tag="780"><subfield code="t">Evening herald (Bradenton, Fla.)</subfield><subfield code="w">(DLC)sn 95047161</subfield><subfield code="w">(OCoLC)33135017</subfield></datafield><datafield ind1=" " ind2=" " tag="850"><subfield code="a">FU</subfield></datafield><datafield ind1="4" ind2=" " tag="856"><subfield code="z">Related internet site:</subfield><subfield code="u">http://www.bhip.com/</subfield></datafield></record>